@book{Ross.2006,
 author = {Ross, W. Jeanne and Weill, Peter. and Robertson, C. David},
 year = {2006},
 title = {Enterprise architecture as strategy:  Creating a foundation for business execution},
 keywords = {Betriebliches Informationssystem;Industrial management;Automation;Information technology;Management;Strategic planning;Betriebliches Informationssystem / Innerbetriebliche Kommunikation / Informationsmanagement / Computergest\"utztes Verfahren / Strategische Unternehmensplanung / Strategisches Management / Wettbewerbsstrategie;Handbuch -- Handbook;Industrial management Automation;Information technology Management;Unternehmen;Informationstechnik;Strategisches Management},
 address = {Boston, Mass.},
 publisher = {Harvard Business School Press},
 isbn = {9781591398394}
}


@article{Henderson.1999,
 author = {Henderson, C. J. and Venkatraman, H.},
 year = {1999},
 title = {Strategic alignment: Leveraging information technology for transforming organizations},
 pages = {472-484},
 volume = {32},
 number = {1},
 journal = {IBM SYSTEMS JOURNAL}
}


